# En este archivo se coloca la bibliografía en formato BibTeX, se recomienda buscar el documento en scholar.google.com y luego hacer click en "citar" y seleccionar el formato "BibTeX" para obtener el snippet que debe ir aquí.

% Recuerde que hay que citar estas entradas en el documento para que aparezcan en la bibliografía. e.g. \cite{yap2011block}

% Recuerde reemplazar los "and" por "y" en los campos de author.

@article{sturtevant2012benchmarks,
  title={Benchmarks for Grid-Based Pathfinding},
  author={Sturtevant, N.},
  journal={Transactions on Computational Intelligence and AI in Games},
  volume={4},
  number={2},
  pages={144 -- 148},
  year={2012},
  url = {http://web.cs.du.edu/~sturtevant/papers/benchmarks.pdf},
}

@book{wilson1970introduction,
  title={An introduction to graph theory},
  author={Wilson, Robin J},
  year={1970},
  publisher={Pearson Education India}
}

@inproceedings{botea2013pathfinding,
  title={Pathfinding in games},
  author={Botea, Adi and Bouzy, Bruno and Buro, Michael and Bauckhage, Christian and Nau, Dana},
  booktitle={Dagstuhl Follow-Ups},
  volume={6},
  year={2013},
  organization={Schloss Dagstuhl-Leibniz-Zentrum fuer Informatik}
}

@ONLINE{bioware2009pathfinding,
  title={Maps of Dragon Age},
  author={Bioware},
  year={2009},
  organization={Bioware},
  url = {http://www.movingai.com/benchmarks/dao/},
  note = {Revisado 2 de Diciembre del 2017}
}


@article{dijkstra1959note,
  title={A note on two problems in connexion with graphs},
  author={Dijkstra, Edsger W},
  journal={Numerische mathematik},
  volume={1},
  number={1},
  pages={269--271},
  year={1959},
  publisher={Springer}
}

@ONLINE{Brilliant2009April,
author = {Thaddeus A, Hannah P, Jimin K},
title = {Dijkstra's Shortest Path Algorithm},
month = Diciembre,
year = {2017},
url = {https://brilliant.org/wiki/dijkstras-short-path-finder/},
note = {Revisado 2 de Diciembre del 2017}
}

@ONLINE{GITTA2016April,
author = {GITTA},
title = {Dijkstra Algorithm: Short terms and Pseudocode},
month = Abril,
year = {2016},
url = {http://www.gitta.info/Accessibiliti/en/html/Dijkstra_learningObject1.html},
note = {Revisado 2 de Diciembre del 2017}
}

@ONLINE{Red2016June,
author = {Red, Blob Games},
title = {Introduction to A*},
month = Junio,
year = {2016},
url = {https://www.redblobgames.com/pathfinding/a-star/introduction.html},
note = {Revisado 2 de Diciembre del 2017}
}

@article{botea2004near,
  title={Near optimal hierarchical path-finding},
  author={Botea, Adi and M{\"u}ller, Martin and Schaeffer, Jonathan},
  journal={Journal of game development},
  volume={1},
  number={1},
  pages={7--28},
  year={2004}
}

@inproceedings{sturtevant2005partial,
  title={Partial pathfinding using map abstraction and refinement},
  author={Sturtevant, Nathan and Buro, Michael},
  booktitle={AAAI},
  volume={5},
  pages={1392--1397},
  year={2005}
}

@inproceedings{harabor2008hierarchical,
  title={Hierarchical path planning for multi-size agents in heterogeneous environments},
  author={Harabor, Daniel and Botea, Adi},
  booktitle={Computational Intelligence and Games, 2008. CIG'08. IEEE Symposium on},
  pages={258--265},
  year={2008},
  organization={IEEE}
}

@inproceedings{goldberg2005computing,
  title={Computing the shortest path: A search meets graph theory},
  author={Goldberg, Andrew V and Harrelson, Chris},
  booktitle={Proceedings of the sixteenth annual ACM-SIAM symposium on Discrete algorithms},
  pages={156--165},
  year={2005},
  organization={Society for Industrial and Applied Mathematics}
}

@article{bjornsson2006improved,
  title={Improved Heuristics for Optimal Path-finding on Game Maps.},
  author={Bj{\"o}rnsson, Yngvi and Halld{\'o}rsson, K{\'a}ri},
  journal={AIIDE},
  volume={6},
  pages={9--14},
  year={2006}
}

@inproceedings{sturtevant2009memory,
  title={Memory-Based Heuristics for Explicit State Spaces.},
  author={Sturtevant, Nathan R and Felner, Ariel and Barer, Max and Schaeffer, Jonathan and Burch, Neil},
  booktitle={IJCAI},
  pages={609--614},
  year={2009}
}

@inproceedings{goldenberg2010portal,
  title={Portal-based true-distance heuristics for path finding},
  author={Goldenberg, Meir and Felner, Ariel and Sturtevant, Nathan and Schaeffer, Jonathan},
  booktitle={Third Annual Symposium on Combinatorial Search},
  year={2010}
}

@inproceedings{yap2011block,
  title={Block A*: Database-Driven Search with Applications in Any-Angle Path-Planning.},
  author={Yap, Peter and Burch, Neil and Holte, Robert C and Schaeffer, Jonathan},
  booktitle={AAAI},
  year={2011}
}
